@article{contextcollapse,
  title={I tweet honestly, I tweet passionately: Twitter users, context collapse, and the imagined audience},
  author={Marwick, Alice E. and {b}oyd, {d}anah},
  journal={New media \& society},
  volume={13},
  number={1},
  pages={114--133},
  year={2010},
  ISSN={1461-7315},
  DOI={10.1177/1461444810365313},
  url={https://doi.org/10.1177/1461444810365313},
  month = {7},
  publisher={SAGE Publications},
}

@article{contextcollapseimpact,
  title={The impact of context collapse and privacy on social network site disclosures},
  author={Vitak, Jessica},
  journal={Journal of broadcasting \& electronic media},
  volume={56},
  number={4},
  pages={451--470},
  year={2012},
  ISSN={1550-6878},
  publisher={Informa UK Limited},
  url={https://doi.org/10.1080/08838151.2012.732140},
  DOI={10.1080/08838151.2012.732140},
  month = {10},
}

@article{contextcollapsequeer,
  title={``He {h}as {a} {w}ay {g}ayer {F}acebook {t}han {I} {d}o'': Investigating sexual identity disclosure and context collapse on a social networking site},
  author={Duguay, Stefanie},
  journal={New media \& society},
  volume={18},
  number={6},
  pages={891--907},
  month={9},
  year={2014},
  publisher={SAGE Publications},
  url={https://doi.org/10.1177/1461444814549930},
  DOI={10.1177/1461444814549930},
  ISSN={1461-7315},
}

@online{threeleggedstool,
  author = {Chand Rajendra-Nicolucci and Michael Sugarman and Ethan Zuckerman and Rebecca Curran},
  title = {The Three-Legged Stool: A Manifesto for a Smaller, Denser Internet},
  year = {2023},
  url = {https://publicinfrastructure.org/2023/03/29/the-three-legged-stool/},
  organization = {Initiative for Digital Public Infrastructure}
}

@online{runyourownsocial,
    title = {Run Your Own Social},
    author = {Darius Kazemi},
    year = {2019},
    url = {https://runyourown.social/}
}

@book{adversarialinterop,
  title={The Internet Con: How to Seize the Means of Computation},
  author={Doctorow, Cory},
  year={2023},
  month={9},
  publisher={Verso},
  isbn={978-1-80429-216-7},
  url={https://www.penguinrandomhouse.com/books/721311/the-internet-con-by-cory-doctorow/}
}

@techreport{spiralofsilencesocialmedia,
  title={Social media and the `spiral of silence'},
  author={Hampton, Keith N and Rainie, Lee and Lu, Weixu and Dwyer, Maria and Shin, Inyoung and Purcell, Kristen},
  year={2014},
  month={8},
  institution={Pew Research Center},
  url={https://www.pewresearch.org/internet/2014/08/26/social-media-and-the-spiral-of-silence/}
}

@online{moxieweb3,
  author       = {Moxie Marlinspike},
  title        = {My first impressions of web3},
  year         = {2022},
  month        = {1},
  day          = {7},
  url          = {https://moxie.org/2022/01/07/web3-first-impressions.html},
}

@inproceedings{archiveoftheirown,
  title={An archive of their own: A case study of feminist HCI and values in design},
  author={Fiesler, Casey and Morrison, Shannon and Bruckman, Amy S},
  booktitle={Proceedings of the 2016 CHI conference on human factors in computing systems},
  publisher={ACM},
  pages={2574--2585},
  year={2016},
  month={5},
  url={https://doi.org/10.1145/2858036.2858409},
  DOI={10.1145/2858036.2858409},
  series={CHI '16},
  collection={CHI '16}
}

@inproceedings{meronymous,
  title={Mitigating Barriers to Public Social Interaction with Meronymous Communication},
  author={Soliman, Nouran and Kang, Hyeonsu B and Latzke, Matthew and Bragg, Jonathan and Chang, Joseph Chee and Zhang, Amy Xian and Karger, David R},
  booktitle={Proceedings of the 2024 CHI Conference on Human Factors in Computing Systems},
  pages={1--26},
  year={2024},
  month={5},
  url={https://doi.org/10.1145/3613904.3642241},
  DOI={10.1145/3613904.3642241},
  publisher={ACM},
  series={CHI ’24},
  collection={CHI ’24}
}

@article{folksonomy,
  title={Studying social tagging and folksonomy: A review and framework},
  author={Trant, Jennifer},
  journal      = {Journal of Digital Information},
  volume       = {10},
  number       = {1},
  month={1},
  year={2009},
  url={https://jodi-ojs-tdl.tdl.org/jodi/article/view/269}
}

@techreport{activitypub,
  title        = {ActivityPub},
  author       = {Christine Lemmer-Webber and Jessica Tallon and Erin Shepherd and Amy Guy and Evan Prodromou},
  year         = {2018},
  institution  = {W3C},
  type = {Recommendation},
  month        = {1},
  url          = {https://www.w3.org/TR/2018/REC-activitypub-20180123/}
}

@techreport{activityvocab,
  title = {Activity Vocabulary},
  author = {James M Snell and Evan Prodromou},
  year = {2017},
  month = {5},
  institution = {W3C},
  type = {Recommendation},
  url = {https://www.w3.org/TR/2017/REC-activitystreams-vocabulary-20170523/}
}

@techreport{activitystreams,
  title = {Activity Streams 2.0},
  author = {James M Snell and Evan Prodromou},
  year = {2017},
  month = {5},
  institution = {W3C},
  type = {Recommendation},
  url = {https://www.w3.org/TR/2017/REC-activitystreams-core-20170523/}
}

@inproceedings{regret,
  title={``I regretted the minute I pressed share'': a qualitative study of regrets on Facebook},
  author={Wang, Yang and Norcie, Gregory and Komanduri, Saranga and Acquisti, Alessandro and Leon, Pedro Giovanni and Cranor, Lorrie Faith},
  booktitle={Proceedings of the seventh symposium on usable privacy and security},
  pages={1--16},
  year={2011},
  month={7},
  url={https://doi.org/10.1145/2078827.2078841},
  DOI={10.1145/2078827.2078841},
  series={SOUPS '11},
  collection={SOUPS '11},
  publisher={ACM},
}

@inproceedings{regrettwitter,
  title={``I read my {T}witter the next morning and was astonished'': a conversational perspective on {T}witter regrets},
  author={Sleeper, Manya and Cranshaw, Justin and Kelley, Patrick Gage and Ur, Blase and Acquisti, Alessandro and Cranor, Lorrie Faith and Sadeh, Norman},
  booktitle={Proceedings of the SIGCHI conference on human factors in computing systems},
  pages={3277--3286},
  year={2013},
  month={4},
  url={https://doi.org/10.1145/2470654.2466448},
  DOI={10.1145/2470654.2466448},
  collection={CHI '13},
  publisher={ACM},
  series={CHI '13},
}

@inproceedings{offtherecord,
  title={Off-the-record communication, or, why not to use {PGP}},
  author={Borisov, Nikita and Goldberg, Ian and Brewer, Eric},
  booktitle={Proceedings of the 2004 ACM workshop on Privacy in the electronic society},
  pages={77--84},
  year={2004},
  url={https://doi.org/10.1145/1029179.1029200},
  DOI={10.1145/1029179.1029200},
  publisher={ACM},
  month={oct},
  collection={WPES '04},
  series={WPES '04},
}

@misc{gdpr,
  title = {Regulation (EU) 2016/679 of the European Parliament and of the Council of 27 April 2016 on the protection of natural persons with regard to the processing of personal data and on the free movement of such data, and repealing Directive 95/46/EC (General Data Protection Regulation)},
  shorthand = {General Data Protection Regulation},
  author = {{European Parliament} and {The Council of the European Union}},
  type = {Regulation},
  number = {2016/679},
  journal = {Official Journal of the European Union},
  volume = {L 119},
  pages = {1--88},
  year = {2016},
  month = {4},
  day = {16},
  url = {https://eur-lex.europa.eu/eli/reg/2016/679/oj}
}

@inproceedings{policykit,
  title={PolicyKit: Building governance in online communities},
  author={Zhang, Amy X and Hugh, Grant and Bernstein, Michael S},
  booktitle={Proceedings of the 33rd Annual ACM Symposium on User Interface Software and Technology},
  pages={365--378},
  year={2020},
  url={https://doi.org/10.1145/3379337.3415858},
  DOI={10.1145/3379337.3415858},
  collection = {UIST '20},
  series = {UIST '20},
  publisher = {ACM},
}

@inproceedings{crdts,
  title={Conflict-free replicated data types},
  author={Shapiro, Marc and Pregui{\c{c}}a, Nuno and Baquero, Carlos and Zawirski, Marek},
  booktitle={Stabilization, Safety, and Security of Distributed Systems},
  pages={386--400},
  year={2011},
  url={https://doi.org/10.1007/978-3-642-24550-3_29},
  DOI={10.1007/978-3-642-24550-3_29},
  collection={SSS 2011},
  series={Lecture Notes in Computer Science},
  publisher={Springer},
  ISBN={9783642245503}
}

@online{instagramfollowingtab,
  author = {Notopoulos, Katie},
  title = {Horny People, You're Free: Instagram's Following Tab Is Gone},
  year = {2019},
  url = {https://www.buzzfeednews.com/article/katienotopoulos/instagrams-following-activity-tab-is-going-away},
  organization = {Buzzfeed News}
}

@inproceedings{jsonschema,
  title={Foundations of JSON schema},
  author={Pezoa, Felipe and Reutter, Juan L and Suarez, Fernando and Ugarte, Mart{\'\i}n and Vrgo{\v{c}}, Domagoj},
  booktitle={Proceedings of the 25th international conference on World Wide Web},
  pages={263--273},
  year={2016},
  url={https://doi.org/10.1145/2872427.2883029},
  DOI={10.1145/2872427.2883029},
  collection={WWW '16},
  series={WWW '16},
  publisher={International World Wide Web Conferences Steering Committee}
}

@techreport{dids,
  title={Decentralized identifiers ({DID}s) v1. 0},
  author={Many Sporny and Dave Longley and Markus Sabadello and Orie Steele and Christopher Allen},
  year={2022},
  institution={W3C},
  type={Recommendation},
  month={7},
  url={https://www.w3.org/TR/2022/REC-did-core-20220719/}
}

@inproceedings{bluesky,
  title={Bluesky and the {AT} protocol: Usable decentralized social media},
  author={Kleppmann, Martin and Frazee, Paul and Gold, Jake and Graber, Jay and Holmgren, Daniel and Ivy, Devin and Johnson, Jeromy and Newbold, Bryan and Volpert, Jaz},
  booktitle={Proceedings of the ACM Conext-2024 Workshop on the Decentralization of the Internet},
  pages={1--7},
  year={2024},
  url={https://doi.org/10.1145/3694809.3700740},
  DOI={10.1145/3694809.3700740},
  series={CoNEXT '24},
  publisher={ACM},
  collection={CoNEXT '24}
}

@article{semanticwebtwodecades,
  title={The semantic web: two decades on},
  author={Hogan, Aidan},
  editor={Hitzler, Pascal and Janowicz, Krzysztof},
  journal={Semantic Web},
  volume={11},
  number={1},
  pages={169--185},
  year={2020},
  month={1},
  ISSN={1570-0844},
  publisher={SAGE Publications},
  url={https://doi.org/10.3233/sw-190387},
  DOI={10.3233/sw-190387},
}

@techreport{oauth,
  title={The OAuth 2.0 authorization framework},
  author={Hardt, Dick},
  year={2012},
  month={10},
  url={https://doi.org/10.17487/rfc6749},
  DOI={10.17487/rfc6749},
  type={Proposed Standard},
  institution={RFC Editor},
  number={6749},
}

@inproceedings{searchableencryption,
  title={Searchable symmetric encryption: improved definitions and efficient constructions},
  author={Curtmola, Reza and Garay, Juan and Kamara, Seny and Ostrovsky, Rafail},
  booktitle={Proceedings of the 13th ACM conference on Computer and communications security},
  pages={79--88},
  year={2006},
  url={https://doi.org/10.1145/1180405.1180417},
  DOI={10.1145/1180405.1180417},
  month={10},
  series={CCS '06},
  collection={CCS '06},
  publisher={ACM}
}

@inproceedings{changemyview,
  title={Winning arguments: Interaction dynamics and persuasion strategies in good-faith online discussions},
  author={Tan, Chenhao and Niculae, Vlad and Danescu-Niculescu-Mizil, Cristian and Lee, Lillian},
  booktitle={Proceedings of the 25th international conference on world wide web},
  pages={613--624},
  year={2016},
  url={https://doi.org/10.1145/2872427.2883081},
  DOI={10.1145/2872427.2883081},
  publisher={International World Wide Web Conferences Steering Committee},
  collection={WWW '16},
  series={WWW '16},
  month={4}
}

@inproceedings{dejavu,
  title={Declarative assembly of web applications from predefined concepts},
  author={Perez De Rosso, Santiago and Jackson, Daniel and Archie, Maryam and Lao, Czarina and McNamara III, Barry A},
  booktitle={Proceedings of the 2019 ACM SIGPLAN International Symposium on New Ideas, New Paradigms, and Reflections on Programming and Software},
  pages={79--93},
  year={2019},
  url={https://doi.org/10.1145/3359591.3359728},
  DOI={10.1145/3359591.3359728},
  series={Onward! '19},
  collection={Onward! '19},
  month={10},
  publisher={ACM},
}

@inproceedings{mastodonchallenges,
  title={Challenges in the decentralised web: The mastodon case},
  author={Raman, Aravindh and Joglekar, Sagar and Cristofaro, Emiliano De and Sastry, Nishanth and Tyson, Gareth},
  booktitle={Proceedings of the internet measurement conference},
  pages={217--229},
  year={2019},
  url={https://doi.org/10.1145/3355369.3355572},
  DOI={10.1145/3355369.3355572},
  series={IMC ’19},
  collection={IMC ’19},
  month={10},
  publisher={ACM},
}

@techreport{bittorrent,
  author       = {Bram Cohen},
  title        = {The BitTorrent Protocol Specification},
  url          = {https://www.bittorrent.org/beps/bep_0003.html},
  institution = {BitTorrent Enhancement Proposal},
  type = {Standard, Final},
  year         = {2008},
  month        = {1},
}

@techreport{bittorrentdht,
  author       = {Andrew Loewenstern and Arvid Norberg},
  title        = {DHT Protocol},
  institution = {BitTorrent Enhancement Proposal},
  type = {Standards Track, Accepted},
  url          = {https://www.bittorrent.org/beps/bep_0005.html},
  year         = {2008},
  month        = {1},
}

@online{gobo,
  author       = {Spencer Lane},
  title        = {Gobo 2.0: All Your Social Media in One Place},
  url          = {https://publicinfrastructure.org/2022/11/09/gobo-2-0-all-your-social-media-in-one-place/},
  organization = {Initiative for Digital Public Infrastructure},
  year         = {2022},
  month        = {11},
}

@book{xanadu,
  title={Computer Lib/{D}ream Machines},
  author={Nelson, Theodore H},
  year={1974},
}

@article{dexter,
  title={The {D}exter hypertext reference model},
  author={Halasz, Frank and Schwartz, Mayer},
  journal={Communications of the ACM},
  volume={37},
  number={2},
  pages={30--39},
  year={1994},
  month={2},
  publisher={ACM},
  url={https://doi.org/10.1145/175235.175237},
  doi={10.1145/175235.175237},
}

@online{spritely,
  author       = {Christine Lemmer-Webber and Randy Farmer and Juliana Sims},
  title        = {The Heart of Spritely: Distributed Objects and Capability Security},
  year         = {2022},
  organization = {The Spritely Networked Communities Institute},
  url          = {https://files.spritely.institute/papers/spritely-core.html},
}

@techreport{capabilitymyths,
  title={Capability myths demolished},
  author={Miller, Mark S and Yee, Ka-Ping and Shapiro, Jonathan S},
  year={2003},
  institution={Systems Research Laboratory, Johns Hopkins University},
  url={https://srl.cs.jhu.edu/pubs/SRL2003-02.pdf},
}

@article{securingfederatedplatforms,
  title={Securing federated platforms: collective risks and responses},
  author={Roth, Yoel and Lai, Samantha},
  journal={Journal of Online Trust and Safety},
  volume={2},
  number={2},
  year={2024},
  url={https://doi.org/10.54501/jots.v2i2.171},
  DOI={10.54501/jots.v2i2.171},
  ISSN={2770-3142},
  publisher={Stanford Internet Observatory},
  month={2}
}

@inproceedings{mavo,
  title={Mavo: creating interactive data-driven web applications by authoring {HTML}},
  author={Verou, Lea and Zhang, Amy X and Karger, David R},
  booktitle={Proceedings of the 29th Annual Symposium on User Interface Software and Technology},
  pages={483--496},
  year={2016},
  url={https://doi.org/10.1145/2984511.2984551},
  DOI={10.1145/2984511.2984551},
  month={10},
  series={UIST '16},
  collection={UIST '16},
  publisher={ACM}
}

@inproceedings{diaspora,
  title={The growth of diaspora - {A} decentralized online social network in the wild},
  author={Bielenberg, Ames and Helm, Lara and Gentilucci, Anthony and Stefanescu, Dan and Zhang, Honggang},
  booktitle={2012 proceedings IEEE INFOCOM workshops},
  pages={13--18},
  year={2012},
  publisher={IEEE},
  month={3},
  url={https://doi.org/10.1109/infcomw.2012.6193476},
  DOI={10.1109/infcomw.2012.6193476},
}

@inproceedings{scuttlebutt,
  title={Secure scuttlebutt: An identity-centric protocol for subjective and decentralized applications},
  author={Tarr, Dominic and Lavoie, Erick and Meyer, Aljoscha and Tschudin, Christian},
  booktitle={Proceedings of the 6th ACM conference on information-centric networking},
  pages={1--11},
  year={2019},
  url={https://doi.org/10.1145/3357150.3357396},
  DOI={10.1145/3357150.3357396},
  series={ICN '19},
  collection={ICN '19},
  month={9},
  publisher={ACM}
}

@misc{stateofmastodon,
  author       = {Sebastian Jambor},
  title        = {Understanding ActivityPub Part 3: The State of Mastodon},
  year         = {2023},
  month        = {8},
  day          = {12},
  url          = {https://seb.jambor.dev/posts/understanding-activitypub-part-3-the-state-of-mastodon/},
}

@online{howdecentralizedisbluesky,
  author       = {Christine Lemmer-Webber},
  title        = {How decentralized is Bluesky really?},
  year         = {2024},
  month        = {11},
  day          = {22},
  url          = {https://dustycloud.org/blog/how-decentralized-is-bluesky/},
}

@online{smalltown,
  author = {Chand Rajendra-Nicolucci},
  title = {Welcome to Smalltown, a Civic Space Online},
  year = {2022},
  url = {https://publicinfrastructure.org/2022/09/28/welcome-to-smalltown/},
  organization = {Initiative for Digital Public Infrastructure}
}

@online{cerulean,
  author       = {Matthew Hodgson},
  title        = {Introducing Cerulean},
  year         = {2020},
  month        = {12},
  day          = {18},
  url          = {https://matrix.org/blog/2020/12/18/introducing-cerulean/},
  organization = {The Matrix.org Foundation}
}

@article{pubsub,
  title={The many faces of publish/subscribe},
  author={Eugster, Patrick Th and Felber, Pascal A and Guerraoui, Rachid and Kermarrec, Anne-Marie},
  journal={ACM computing surveys},
  volume={35},
  number={2},
  pages={114--131},
  year={2003},
  publisher={ACM},
  url={https://doi.org/10.1145/857076.857078},
  DOI={10.1145/857076.857078},
  ISSN={1557-7341},
  month={6}
}

@inproceedings{logoot,
  title={Logoot: A scalable optimistic replication algorithm for collaborative editing on p2p networks},
  author={Weiss, St{\'e}phane and Urso, Pascal and Molli, Pascal},
  booktitle={2009 29th IEEE International Conference on Distributed Computing Systems},
  pages={404--412},
  year={2009},
  publisher={IEEE},
  url={https://doi.org/10.1109/icdcs.2009.75},
  DOI={10.1109/icdcs.2009.75},
  month={6}
}

@inproceedings{logootbetter,
  title={Supporting adaptable granularity of changes for massive-scale collaborative editing},
  author={Andr{\'e}, Luc and Martin, St{\'e}phane and Oster, G{\'e}rald and Ignat, Claudia-Lavinia},
  booktitle={Proceedings of the 9th IEEE International Conference on Collaborative Computing: Networking, Applications and Worksharing},
  pages={50--59},
  year={2013},
  organization={ICST},
  url={https://doi.org/10.4108/icst.collaboratecom.2013.254123},
  DOI={10.4108/icst.collaboratecom.2013.254123},
  series={COLLABORATECOM},
  collection={COLLABORATECOM},

}

@article{wikibourgeoisie,
  title={Power of the few vs. wisdom of the crowd: Wikipedia and the rise of the bourgeoisie},
  author={Kittur, Aniket and Chi, Ed and Pendleton, Bryan A and Suh, Bongwon and Mytkowicz, Todd},
  journal={World wide web},
  volume={1},
  number={2},
  pages={19},
  year={2007},
  publisher={Bussum}
}

@article{wikirisedecline,
  title={The rise and decline of an open collaboration system: How Wikipedia’s reaction to popularity is causing its decline},
  author={Halfaker, Aaron and Geiger, R Stuart and Morgan, Jonathan T and Riedl, John},
  journal={American behavioral scientist},
  volume={57},
  number={5},
  pages={664--688},
  year={2013},
  publisher={SAGE Publications},
  url={https://doi.org/10.1177/0002764212469365},
  DOI={10.1177/0002764212469365},
  month={12},
  ISSN={1552-3381},
}

@inproceedings{wikigender,
title={It's a man's Wikipedia? Assessing gender inequality in an online encyclopedia},
author={Wagner, Claudia and Garcia, David and Jadidi, Mohsen and Strohmaier, Markus},
booktitle={Proceedings of the international AAAI conference on web and social media},
volume={9},
number={1},
pages={454--463},
year={2015},
url={https://doi.org/10.1609/icwsm.v9i1.14628},
DOI={10.1609/icwsm.v9i1.14628},
ISSN={2162-3449},
month={8}
}

@online{protocolsnotplatforms,
  author = {Mike Masnick},
  title = {Protocols, Not Platforms: A Technological Approach to Free Speech},
  organization = {Knight First Amendment Institute at Columbia University},
  year = {2019},
  url = {https://knightcolumbia.org/content/protocols-not-platforms-a-technological-approach-to-free-speech}
}

@book{governablespaces,
  title={Governable spaces: Democratic design for online life},
  author={Schneider, Nathan},
  year={2024},
  month={2},
  publisher={University of California Press},
  url={https://doi.org/10.1525/luminos.181},
  DOI={10.1525/luminos.181}
}

@techreport{rdfprimer,
  title={RDF Primer},
  author={Manola, Frank and Miller, Eric and McBride, Brian},
  url={https://www.w3.org/TR/2004/REC-rdf-primer-20040210/},
  year = {2004},
  month = {2},
  institution = {W3C},
  type = {Recommendation},
}

@online{ecosystemmoving,
  author       = {Moxie Marlinspike},
  title        = {Reflections: The ecosystem is moving},
  url          = {https://signal.org/blog/the-ecosystem-is-moving/},
  month        = {5},
  year         = {2016},
}

@online{herdingdnscamel,
  author       = {Bert Hubert},
  title        = {Herding the DNS Camel},
  url          = {https://www.ietf.org/blog/herding-dns-camel/},
  month        = {11},
  year         = {2018},
  organization= {IETF News}
}

@online{petnames,
  title={An Introduction to Petname Systems},
  author={Stiegler, Marc},
  year={2005},
  month={2},
  url={http://skyhunter.com/marcs/petnames/IntroPetNames.html}
}

@article{copypasteliteracy,
  title={Copy and paste literacy? Literacy practices in the production of a MySpace profile},
  author={Perkel, Dan},
  volume={49},
  number={2},
  year={2010},
  month={12},
  pages={493--511},
  url={https://doi.org/10.1590/s0103-18132010000200011},
  DOI={10.1590/s0103-18132010000200011},
  ISSN={0103-1813},
  journal={Trabalhos em Linguística Aplicada},
  publisher={FapUNIFESP (SciELO)}
}

@inproceedings{webstrates,
  title={Webstrates: shareable dynamic media},
  author={Klokmose, Clemens N and Eagan, James R and Baader, Siemen and Mackay, Wendy and Beaudouin-Lafon, Michel},
  booktitle={Proceedings of the 28th Annual ACM Symposium on User Interface Software \& Technology},
  pages={280--290},
  year={2015},
  url={https://doi.org/10.1145/2807442.2807446},
  DOI={10.1145/2807442.2807446},
  collection={UIST '15},
  series={UIST '15},
  publisher={ACM},
  month={11},
}

@techreport{solidoidc,
  title        = {Solid-OIDC},
  author       = {Aaron Coburn and {e}lf Pavlik and Dmitri Zagidulin and Adam Migus and Ricky White},
  type = {Draft Community Group Report},
  month        = {6},
  day          = {22},
  year         = {2024},
  url          = {https://solid.github.io/solid-oidc/},
  institution  = {Solid Community Group, W3C},
}

@techreport{solid,
  title        = {Solid Protocol},
  author       = {Sarven Capadisli and Tim Berners-Lee and Kjetil Kjernsmo and Ruben Verborgh and Justin-Bingham and Dmitri-Zagidulin},
  type = {Draft Community Group Report},
  month        = {5},
  day          = {12},
  year         = {2024},
  institution  = {Solid Community Group, W3C},
  url          = {https://solidproject.org/TR/2024/protocol-20240512}
}

@techreport{json,
  type={Informational},
  institution={RFC Editor},
  doi          = {10.17487/RFC4627},
  url          = {https://doi.org/10.17487/RFC4627},
  author       = {Douglas Crockford},
  title        = {{The application/json Media Type for JavaScript Object Notation (JSON)}},
  year         = {2006},
  month        = {7},
}

@book{escobarpluriverse,
  title={Designs for the pluriverse: Radical interdependence, autonomy, and the making of worlds},
  author={Escobar, Arturo},
  year={2018},
  publisher={Duke University Press},
  url={https://doi.org/10.1215/9780822371816},
  DOI={10.1215/9780822371816},
  ISBN={9780822371816},
}


@book{weavingtheweb,
  title={Weaving the Web: The original design and ultimate destiny of the World Wide Web by its inventor},
  author={Berners-Lee, Tim},
  year={1999},
  publisher={Harper San Francisco},
  url={https://www.w3.org/People/Berners-Lee/Weaving/}
}

@online{enshittification,
  author       = {Doctorow, Cory},
  title        = {Social Quitting},
  journal      = {Locus Magazine},
  year         = {2023},
  month        = {1},
  url          = {https://locusmag.com/2023/01/commentary-cory-doctorow-social-quitting/},
}

@article{harmreduction,
  title={Harm reduction: Come as you are},
  author={Marlatt, G Alan},
  journal={Addictive behaviors},
  volume={21},
  number={6},
  pages={779--788},
  year={1996},
  publisher={Elsevier},
  url={https://doi.org/10.1016/0306-4603(96)00042-1},
  DOI={10.1016/0306-4603(96)00042-1},
  month={11},
  ISSN={0306-4603},
}

@inproceedings{gab,
  title={Inside the right-leaning echo chambers: Characterizing gab, an unmoderated social system},
  author={Lima, Lucas and Reis, Julio C. S. and Melo, Philipe and Murai, Fabricio and Araújo, Leandro and Vikatos, Pantelis and Benevenuto, Fabrício},
  booktitle={2018 IEEE/ACM International Conference on Advances in Social Networks Analysis and Mining (ASONAM)},
  pages={515--522},
  year={2018},
  publisher={IEEE},
  url={https://doi.org/10.1109/asonam.2018.8508809},
  DOI={10.1109/ASONAM.2018.8508809},

}

@article{8kun,
  title={Conceptualizing ``dark platforms''. Covid-19-related conspiracy theories on 8kun and Gab},
  author={Zeng, Jing and Sch{\"a}fer, Mike S},
  journal={Digital Journalism},
  volume={9},
  number={9},
  pages={1321--1343},
  year={2021},
  month={6},
  publisher={Informa UK Limited},
  ISSN={2167-082X},
  url={https://doi.org/10.1080/21670811.2021.1938165},
  DOI={10.1080/21670811.2021.1938165},
}

@article{lamport,
  title={Time, Clocks, and the Ordering of Events in a Distributed System},
  author={Lamport, Leslie},
  journal={Communications of the ACM},
  year={1978},
  url={https://doi.org/10.1145/359545.359563},
  DOI={10.1145/359545.359563},
  publisher={ACM},
  month={7},
  pages={558--565},
  volume={21},
  number={7}
}

@online{bluesky_from_protocols,
  author       = {Graber, Jay},
  title        = {``Mike’s `Protocols, Not Platforms' paper actually inspired Twitter to start BlueSky...''},
  url          = {https://bsky.app/profile/jay.bsky.team/post/3kkrxedmatv2p},
  year         = {2024},
  month        = {2},
  day          = {6},
  time         = {18:56},
}

@inproceedings{whatsappforfamily,
  title={``WhatsApp is for family; Messenger is for friends'': Communication Places in App Ecosystems},
  author={Nouwens, Midas and Griggio, Carla F and Mackay, Wendy E},
  booktitle={Proceedings of the 2017 CHI conference on human factors in computing systems},
  pages={727--735},
  year={2017},
  url={https://doi.org/10.1145/3025453.3025484},
  DOI={10.1145/3025453.3025484},
  series={CHI '17},
  collection={CHI '17},
  publisher={ACM},
}

@inproceedings{blocklistboundary,
  title={``A Blocklist is a Boundary'': Tensions between Community Protection and Mutual Aid on Federated Social Networks},
  author={Melder, Erika and Lerner, Ada and DeVito, Michael Ann},
  booktitle={Proceedings of the ACM on Human-Computer Interaction},
  volume={9},
  number={2},
  pages={1--30},
  year={2025},
  publisher={ACM},
  url={https://doi.org/10.1145/3710919},
  DOI={10.1145/3710919},
}

@inproceedings{highlyrelatedcommunities,
  title={Science, askscience, and badscience: On the coexistence of highly related communities},
  author={Hessel, Jack and Tan, Chenhao and Lee, Lillian},
  booktitle={Proceedings of the international AAAI conference on web and social media},
  volume={10},
  number={1},
  pages={171--180},
  year={2021},
  url={https://doi.org/10.1609/icwsm.v10i1.14739},
  DOI={10.1609/icwsm.v10i1.14739},
  ISSN={2162-3449},
  publisher={AAAI},
  month={8}
}

@inproceedings{formfrom,
  title={Form-From: A design space of social media systems},
  author={Zhang, Amy X and Bernstein, Michael S and Karger, David R and Ackerman, Mark S},
  journal={Proceedings of the ACM on Human-Computer Interaction},
  volume={8},
  number={CSCW1},
  pages={1--47},
  year={2024},
  publisher={ACM},
  url={https://doi.org/10.1145/3641006},
  DOI={10.1145/3641006},
  ISSN={2573-0142},
  month={4}
}

@inproceedings{toogayforfacebook,
  title={``Too Gay for Facebook'': Presenting LGBTQ+ Identity Throughout the Personal Social Media Ecosystem},
  author={DeVito, Michael Ann and Walker, Ashley Marie and Birnholtz, Jeremy},
  booktitle={Proceedings of the ACM on Human-Computer Interaction},
  volume={2},
  number={CSCW},
  pages={1--23},
  year={2018},
  publisher={ACM},
  url={https://doi.org/10.1145/3274313},
  DOI={10.1145/3274313},
  ISSN={2573-0142},
  month={11}
}

@inproceedings{visibilitycontrol,
  title={Platforms, people, and perception: Using affordances to understand self-presentation on social media},
  author={DeVito, Michael Ann and Birnholtz, Jeremy and Hancock, Jeffery T},
  booktitle={Proceedings of the 2017 ACM conference on computer supported cooperative work and social computing},
  pages={740--754},
  year={2017},
  url={https://doi.org/10.1145/2998181.2998192},
  DOI={10.1145/2998181.2998192},
  month={2},
  publisher={ACM},
  series={CSCW '17},
  collection={CSCW '18}
}

@inproceedings{expressionbreakdowns,
  title={Customizations and expression breakdowns in ecosystems of communication apps},
  author={Griggio, Carla F and McGrenere, Joanna and Mackay, Wendy E},
  booktitle={Proceedings of the ACM on Human-Computer Interaction},
  volume={3},
  number={CSCW},
  pages={1--26},
  year={2019},
  publisher={ACM},
  url={https://doi.org/10.1145/3359128},
  DOI={10.1145/3359128},
  month={11},
}

@inproceedings{mirrorverse,
  title={Mirrorverse: Live tailoring of video conferencing interfaces},
  author={Gr{\o}nb{\ae}k, Jens Emil and Borowski, Marcel and Hoggan, Eve and Mackay, Wendy E and Beaudouin-Lafon, Michel and Klokmose, Clemens N},
  booktitle={Proceedings of the 36th Annual ACM Symposium on User Interface Software and Technology},
  pages={1--14},
  year={2023},
  url={https://doi.org/10.1145/3586183.3606767},
  DOI={10.1145/3586183.3606767},
  collection={UIST '23},
  series={UIST '23},
  publisher={ACM},
  month={10}
}

@inproceedings{codestrates,
  title={Codestrates: Literate computing with webstrates},
  author={R{\"a}dle, Roman and Nouwens, Midas and Antonsen, Kristian and Eagan, James R and Klokmose, Clemens N},
  booktitle={Proceedings of the 30th Annual ACM Symposium on User Interface Software and Technology},
  pages={715--725},
  year={2017},
  url={https://doi.org/10.1145/3126594.3126642},
  DOI={10.1145/3126594.3126642},
  collection={UIST '17},
  series={UIST '17},
  publisher={ACM},
  month={10}
}

@article{computationalmedia,
  title={Between Principle and Pragmatism: Reflections on Prototyping Computational Media with Webstrates},
  author={Borowski, Marcel and Fog, Bjarke V and Griggio, Carla F and Eagan, James R and Klokmose, Clemens N},
  journal={ACM Transactions on Computer-Human Interaction},
  volume={30},
  number={4},
  pages={1--53},
  year={2023},
  url={https://doi.org/10.1145/3569895},
  DOI={10.1145/3569895},
  publisher={ACM},
  month={8},
  ISSN={1557-7325},
}

@article{imaginedaudience,
  title={The imagined audience on social network sites},
  author={Litt, Eden and Hargittai, Eszter},
  journal={Social Media + Society},
  volume={2},
  number={1},
  pages={2056305116633482},
  year={2016},
  month={1},
  ISSN={2056-3051},
  publisher={SAGE Publications},
  url={https://doi.org/10.1177/2056305116633482},
  DOI={10.1177/2056305116633482},
}
